<record><leader>00000cas a2200000 a 4500</leader><controlfield tag="001">34380381</controlfield><controlfield tag="008">960316d198119uucaumr ne      0    0eng c</controlfield><datafield ind1=" " ind2=" " tag="010"><subfield code="a">sn 96061156 </subfield><subfield code="z">   96061156 </subfield></datafield><datafield ind1=" " ind2=" " tag="040"><subfield code="a">JQA</subfield><subfield code="b">eng</subfield><subfield code="c">JQA</subfield><subfield code="d">CNK</subfield><subfield code="d">DLC</subfield><subfield code="d">OCLCQ</subfield><subfield code="d">CNK</subfield><subfield code="d">OCLCQ</subfield><subfield code="d">OCLCF</subfield><subfield code="d">OCLCO</subfield></datafield><datafield ind1="1" ind2=" " tag="029"><subfield code="a">AU@</subfield><subfield code="b">000025929998</subfield></datafield><datafield ind1=" " ind2=" " tag="042"><subfield code="a">pcc</subfield></datafield><datafield ind1=" " ind2=" " tag="043"><subfield code="a">n-us-ca</subfield></datafield><datafield ind1="0" ind2="4" tag="245"><subfield code="a">The Sunolian.</subfield></datafield><datafield ind1="1" ind2=" " tag="246"><subfield code="i">Published as:</subfield><subfield code="a">Ol' Sunol sun</subfield><subfield code="f">June 1981</subfield></datafield><datafield ind1="1" ind2=" " tag="246"><subfield code="i">Published as:</subfield><subfield code="a">Sunol fashion news</subfield><subfield code="f">July 1981</subfield></datafield><datafield ind1="1" ind2=" " tag="246"><subfield code="i">Published as:</subfield><subfield code="a">Sunol sounder</subfield><subfield code="f">Aug. 1981</subfield></datafield><datafield ind1="1" ind2=" " tag="246"><subfield code="i">Published as:</subfield><subfield code="a">Sunol trailblazer</subfield><subfield code="f">Sept. 1981</subfield></datafield><datafield ind1="1" ind2=" " tag="246"><subfield code="i">Published as:</subfield><subfield code="a">Sunol sentinel</subfield><subfield code="f">Jan. 1982</subfield></datafield><datafield ind1=" " ind2=" " tag="260"><subfield code="a">Sunol, Cal. :</subfield><subfield code="b">Geraldine Baldassare</subfield></datafield><datafield ind1=" " ind2=" " tag="300"><subfield code="a">v. :</subfield><subfield code="b">ill. ;</subfield><subfield code="c">36 cm.</subfield></datafield><datafield ind1=" " ind2=" " tag="310"><subfield code="a">Monthly</subfield></datafield><datafield ind1="0" ind2=" " tag="362"><subfield code="a">Vol. 1, issue 1 (Apr. 1981)-</subfield></datafield><datafield ind1=" " ind2=" " tag="500"><subfield code="a">Due to a title naming contest, masthead title changed to: Ol' Sunol sun, June 1981; Sunol fashion news, July 1981; Sunol sounder, Aug. 1981; Sunol trailblazer, Sept. 1981.</subfield></datafield><datafield ind1=" " ind2=" " tag="500"><subfield code="a">"Sunolian presents 'The Sunol Sentinel'", Jan. 1982.</subfield></datafield><datafield ind1=" " ind2=" " tag="530"><subfield code="a">Master negatives are available for duplication from:</subfield><subfield code="b">California Newspaper Microfilm Archive;</subfield><subfield code="c">positive copies may be purchased by the reel; for further information consult the CNMA at:</subfield><subfield code="u">http://cbsr.ucr.edu</subfield></datafield><datafield ind1=" " ind2="0" tag="651"><subfield code="a">Sunol (Calif.)</subfield><subfield code="v">Newspapers.</subfield></datafield><datafield ind1=" " ind2="7" tag="655"><subfield code="a">Newspapers.</subfield><subfield code="2">fast</subfield><subfield code="0">(OCoLC)fst01423814</subfield></datafield><datafield ind1=" " ind2="7" tag="651"><subfield code="a">California</subfield><subfield code="z">Sunol.</subfield><subfield code="2">fast</subfield><subfield code="0">(OCoLC)fst01874793</subfield></datafield><datafield ind1=" " ind2=" " tag="752"><subfield code="a">United States</subfield><subfield code="b">California</subfield><subfield code="c">Alameda</subfield><subfield code="d">Sunol.</subfield></datafield></record>